<?xml version="1.0" encoding="UTF-8"?><record xmlns="http://www.loc.gov/MARC21/slim" xmlns:cinclude="http://apache.org/cocoon/include/1.0" xmlns:zs="http://www.loc.gov/zing/srw/">
  <leader>00469nz  a2200145n  4500</leader>
  <controlfield tag="001">no2014161433</controlfield>
  <controlfield tag="003">DLC</controlfield>
  <controlfield tag="005">20141209073545.0</controlfield>
  <controlfield tag="008">141208n| azannaabn          |a aaa     c</controlfield>
  <datafield tag="010" ind1=" " ind2=" ">
    <subfield code="a">no2014161433</subfield>
  </datafield>
  <datafield tag="035" ind1=" " ind2=" ">
    <subfield code="a">(OCoLC)oca10034483</subfield>
  </datafield>
  <datafield tag="040" ind1=" " ind2=" ">
    <subfield code="a">InU</subfield>
    <subfield code="b">eng</subfield>
    <subfield code="e">rda</subfield>
    <subfield code="c">InU</subfield>
  </datafield>
  <datafield tag="100" ind1="1" ind2=" ">
    <subfield code="a">Chambers, Peter,</subfield>
    <subfield code="d">1924-</subfield>
    <subfield code="t">Speak ill of the dead.</subfield>
    <subfield code="l">Romanian</subfield>
  </datafield>
  <datafield tag="400" ind1="1" ind2=" ">
    <subfield code="a">Chambers, Peter,</subfield>
    <subfield code="d">1924-</subfield>
    <subfield code="t">Vorbește-i de rău pe morți</subfield>
  </datafield>
  <datafield tag="670" ind1=" " ind2=" ">
    <subfield code="a">Chambers, Peter. Vorbește-i de rău pe morți, 1977.</subfield>
  </datafield>
</record>